<collection xmlns="http://www.loc.gov/MARC21/slim">
<record>
  <leader>01076nam0a22002291i 450 </leader>
  <controlfield tag="001">IT\ICCU\CNCE\052078</controlfield>
  <controlfield tag="005">20061219000000.0</controlfield>
  <datafield tag="100" ind1=" " ind2=" ">
    <subfield code="a">20010620d1533        0itac0103    ba</subfield>
  </datafield>
  <datafield tag="101" ind1=" " ind2=" ">
    <subfield code="a">LAT</subfield>
  </datafield>
  <datafield tag="102" ind1=" " ind2=" ">
    <subfield code="a">IT</subfield>
  </datafield>
  <datafield tag="200" ind1="1" ind2=" ">
    <subfield code="a">℗Ioan. Bapti. Chrysogoni Folengii mantuani anachoritae ℗Dialogi, quos Pomiliones uocat. Theophili Folengii mantuani anachoritae Varium poema, et Ianus</subfield>
  </datafield>
  <datafield tag="210" ind1=" " ind2=" ">
    <subfield code="d">1533</subfield>
  </datafield>
  <datafield tag="300" ind1=" " ind2=" ">
    <subfield code="a">((Copia da microfilm dell&apos;ed.: In Promontorio Minervae ardente Sirio, 1533. - Segn.: A-O8</subfield>
  </datafield>
  <datafield tag="620" ind1=" " ind2=" ">
    <subfield code="a">IT</subfield>
    <subfield code="d">Venezia</subfield>
  </datafield>
  <datafield tag="700" ind1=" " ind2="1">
    <subfield code="a">Folengo,</subfield>
    <subfield code="b">Teofilo</subfield>
    <subfield code="3">IT\ICCU\CNCA\005170</subfield>
  </datafield>
  <datafield tag="712" ind1="0" ind2="2">
    <subfield code="a">s.n.</subfield>
    <subfield code="3">IT\ICCU\CNCT\000002</subfield>
    <subfield code="4">650</subfield>
  </datafield>
  <datafield tag="790" ind1=" " ind2="0">
    <subfield code="a">Merlinus Cocaius Acquarius Lodola</subfield>
    <subfield code="3">IT\ICCU\CNCA\005461</subfield>
    <subfield code="z">Folengo, Teofilo</subfield>
  </datafield>
  <datafield tag="790" ind1=" " ind2="0">
    <subfield code="a">Limerno Pitocco</subfield>
    <subfield code="3">IT\ICCU\CNCA\005462</subfield>
    <subfield code="z">Folengo, Teofilo</subfield>
  </datafield>
  <datafield tag="790" ind1=" " ind2="1">
    <subfield code="a">Cocai,</subfield>
    <subfield code="b">Merlin</subfield>
    <subfield code="3">IT\ICCU\CNCA\008259</subfield>
    <subfield code="z">Folengo, Teofilo</subfield>
  </datafield>
  <datafield tag="790" ind1=" " ind2="1">
    <subfield code="a">Lodola,</subfield>
    <subfield code="b">Acquarius</subfield>
    <subfield code="3">IT\ICCU\CNCA\014560</subfield>
    <subfield code="z">Folengo, Teofilo</subfield>
  </datafield>
  <datafield tag="801" ind1=" " ind2="3">
    <subfield code="a">IT</subfield>
    <subfield code="b">ICCU</subfield>
    <subfield code="c">20201115</subfield>
  </datafield>
  <datafield tag="899" ind1=" " ind2=" ">
    <subfield code="a">Biblioteca del Dipartimento di scienze dell&apos;antichit ̉dell&apos;Universit ̉degli studi di Padova. Padova</subfield>
    <subfield code="1">PD0370</subfield>
    <subfield code="2">PUV 10</subfield>
  </datafield>
</record>
</collection>
